%! Author = Jiro's
%! Date = 9/29/2023

@article{Newin,
    author = "Newin Yamaguchi",
    title = "The Jewish Peril",
    journal = "Social Science",
    year = "2023",
    volume = "1",
    number = "2",
    pages = "1--14",
    doi = "10.1016",
}
